<?xml version="1.0" encoding="UTF-8"?><record xmlns="http://www.loc.gov/MARC21/slim" xmlns:cinclude="http://apache.org/cocoon/include/1.0" xmlns:zs="http://www.loc.gov/zing/srw/">
  <leader>00540nz  a2200157n  4500</leader>
  <controlfield tag="001">no2008005115</controlfield>
  <controlfield tag="003">DLC</controlfield>
  <controlfield tag="005">20080113075042.0</controlfield>
  <controlfield tag="008">071220n| acannaabn          |a aaa     c</controlfield>
  <datafield tag="010" ind1=" " ind2=" ">
    <subfield code="a">no2008005115</subfield>
  </datafield>
  <datafield tag="035" ind1=" " ind2=" ">
    <subfield code="a">(OCoLC)oca07625704</subfield>
  </datafield>
  <datafield tag="040" ind1=" " ind2=" ">
    <subfield code="a">NjP</subfield>
    <subfield code="b">eng</subfield>
    <subfield code="c">NjP</subfield>
  </datafield>
  <datafield tag="053" ind1=" " ind2="0">
    <subfield code="a">PG3492.94.E93</subfield>
  </datafield>
  <datafield tag="100" ind1="1" ind2=" ">
    <subfield code="a">Petrushina, Natalii︠a︡</subfield>
  </datafield>
  <datafield tag="400" ind1="1" ind2=" ">
    <subfield code="a">Petrushina, N. V.</subfield>
    <subfield code="q">(Natalii︠a︡ Valerʹevna)</subfield>
  </datafield>
  <datafield tag="670" ind1=" " ind2=" ">
    <subfield code="a">Navstrechu solnt︠s︡u, 2004:</subfield>
    <subfield code="b">t.p. (Natalii︠a︡ Petrushina) Rus. CIP (Petrushina, N. V.) colophon (Natalii︠a︡ Valerʹevna Petrushina)</subfield>
  </datafield>
</record>